@ARTICLE{DL2014a,
   author = {{Lang}, D. and {Hogg}, D.~W. and {Schlegel}, D.~J.},
    title = "{WISE photometry for 400 million SDSS sources}",
  journal = {ArXiv e-prints},
archivePrefix = "arXiv",
   eprint = {1410.7397},
 primaryClass = "astro-ph.IM",
 keywords = {Astrophysics - Instrumentation and Methods for Astrophysics, Astrophysics - Astrophysics of Galaxies},
     year = 2014,
    month = oct,
   adsurl = {http://adsabs.harvard.edu/abs/2014arXiv1410.7397L},
  adsnote = {Provided by the SAO/NASA Astrophysics Data System}
}

@ARTICLE{Ness2016,
   author = {{Ness}, M. and {Hogg}, D.~W. and {Rix}, H. and {Martig}, M. and 
	{Pinsonneault}, M.~H. and {Ho}, A.~Y.~Q},
    title = "{Spectroscopic determination of masses (and implied ages) for red giants}",
  journal = {ArXiv e-prints},
archivePrefix = "arXiv",
   eprint = {1511.08204},
 primaryClass = "astro-ph.SR",
 keywords = {Astrophysics - Solar and Stellar Astrophysics, Astrophysics - Astrophysics of Galaxies},
     year = 2015,
    month = nov,
   adsurl = {http://adsabs.harvard.edu/abs/2015arXiv151108204N},
  adsnote = {Provided by the SAO/NASA Astrophysics Data System}
}

@ARTICLE{Athanassoula1992,
   author = {{Athanassoula}, E.},
    title = "{Morphology of bar orbits}",
  journal = {\mnras},
 keywords = {Barred Galaxies, Galactic Rotation, Galactic Structure, Stellar Motions, Astronomical Models, Celestial Mechanics},
     year = 1992,
    month = nov,
   volume = 259,
    pages = {328-344},
      doi = {10.1093/mnras/259.2.328},
   adsurl = {http://adsabs.harvard.edu/abs/1992MNRAS.259..328A},
  adsnote = {Provided by the SAO/NASA Astrophysics Data System}
}



@ARTICLE{Martig2016,
   author = {{Martig}, M. and {Fouesneau}, M. and {Rix}, H.-W. and {Ness}, M. and 
	{M{\'e}sz{\'a}ros}, S. and {Garc{\'{\i}}a-Hern{\'a}ndez}, D.~A. and 
	{Pinsonneault}, M. and {Serenelli}, A. and {Aguirre}, V.~S. and 
	{Zamora}, O.},
    title = "{Red giant masses and ages derived from carbon and nitrogen abundances}",
  journal = {\mnras},
archivePrefix = "arXiv",
   eprint = {1511.08203},
 primaryClass = "astro-ph.SR",
 keywords = {stars: abundances, stars: evolution, stars: fundamental parameters},
     year = 2016,
    month = mar,
   volume = 456,
    pages = {3655-3670},
      doi = {10.1093/mnras/stv2830},
   adsurl = {http://adsabs.harvard.edu/abs/2016MNRAS.456.3655M},
  adsnote = {Provided by the SAO/NASA Astrophysics Data System}
}


@INPROCEEDINGS{4most,
   author = {{de Jong}, R.~S. and {Barden}, S. and {Bellido-Tirado}, O. and 
	{Brynnel}, J. and {Chiappini}, C. and {Depagne}, {\'E}. and 
	{Haynes}, R. and {Johl}, D. and {Phillips}, D.~P. and {Schnurr}, O. and 
	{Schwope}, A.~D. and {Walcher}, J. and {Bauer}, S.~M. and {Cescutti}, G. and 
	{Cioni}, M.-R.~L. and {Dionies}, F. and {Enke}, H. and {Haynes}, D.~M. and 
	{Kelz}, A. and {Kitaura}, F.~S. and {Lamer}, G. and {Minchev}, I. and 
	{M{\"u}ller}, V. and {Nuza}, S.~E. and {Olaya}, J.-C. and {Piffl}, T. and 
	{Popow}, E. and {Saviauk}, A. and {Steinmetz}, M. and {Ural}, U. and 
	{Valentini}, M. and {Winkler}, R. and {Wisotzki}, L. and {Ansorge}, W.~R. and 
	{Banerji}, M. and {Gonzalez Solares}, E. and {Irwin}, M. and 
	{Kennicutt}, R.~C. and {King}, D.~M.~P. and {McMahon}, R. and 
	{Koposov}, S. and {Parry}, I.~R. and {Sun}, X. and {Walton}, N.~A. and 
	{Finger}, G. and {Iwert}, O. and {Krumpe}, M. and {Lizon}, J.-L. and 
	{Mainieri}, V. and {Amans}, J.-P. and {Bonifacio}, P. and {Cohen}, M. and 
	{Fran{\c c}ois}, P. and {Jagourel}, P. and {Mignot}, S.~B. and 
	{Royer}, F. and {Sartoretti}, P. and {Bender}, R. and {Hess}, H.-J. and 
	{Lang-Bardl}, F. and {Muschielok}, B. and {Schlichter}, J. and 
	{B{\"o}hringer}, H. and {Boller}, T. and {Bongiorno}, A. and 
	{Brusa}, M. and {Dwelly}, T. and {Merloni}, A. and {Nandra}, K. and 
	{Salvato}, M. and {Pragt}, J.~H. and {Navarro}, R. and {Gerlofsma}, G. and 
	{Roelfsema}, R. and {Dalton}, G.~B. and {Middleton}, K.~F. and 
	{Tosh}, I.~A. and {Boeche}, C. and {Caffau}, E. and {Christlieb}, N. and 
	{Grebel}, E.~K. and {Hansen}, C.~J. and {Koch}, A. and {Ludwig}, H.-G. and 
	{Mandel}, H. and {Quirrenbach}, A. and {Sbordone}, L. and {Seifert}, W. and 
	{Thimm}, G. and {Helmi}, A. and {trager}, S.~C. and {Bensby}, T. and 
	{Feltzing}, S. and {Ruchti}, G. and {Edvardsson}, B. and {Korn}, A. and 
	{Lind}, K. and {Boland}, W. and {Colless}, M. and {Frost}, G. and 
	{Gilbert}, J. and {Gillingham}, P. and {Lawrence}, J. and {Legg}, N. and 
	{Saunders}, W. and {Sheinis}, A. and {Driver}, S. and {Robotham}, A. and 
	{Bacon}, R. and {Caillier}, P. and {Kosmalski}, J. and {Laurent}, F. and 
	{Richard}, J.},
    title = "{4MOST: 4-metre Multi-Object Spectroscopic Telescope}",
booktitle = {Ground-based and Airborne Instrumentation for Astronomy V},
     year = 2014,
   series = {Society of Photo-Optical Instrumentation Engineers (SPIE) Conference Series},
   volume = 9147,
    month = jul,
      eid = {91470M},
    pages = {91470M},
      doi = {10.1117/12.2055826},
   adsurl = {http://adsabs.harvard.edu/abs/2014SPIE.9147E..0MD},
  adsnote = {Provided by the SAO/NASA Astrophysics Data System}
}

@ARTICLE{Majewski2015,
   author = {{Majewski}, S.~R. and {Schiavon}, R.~P. and {Frinchaboy}, P.~M. and 
	{Allende Prieto}, C. and {Barkhouser}, R. and {Bizyaev}, D. and 
	{Blank}, B. and {Brunner}, S. and {Burton}, A. and {Carrera}, R. and 
	{Chojnowski}, S.~D. and {Cunha}, K. and {Epstein}, C. and {Fitzgerald}, G. and 
	{Garcia Perez}, A.~E. and {Hearty}, F.~R. and {Henderson}, C. and 
	{Holtzman}, J.~A. and {Johnson}, J.~A. and {Lam}, C.~R. and 
	{Lawler}, J.~E. and {Maseman}, P. and {Meszaros}, S. and {Nelson}, M. and 
	{Coung Nguyen}, D. and {Nidever}, D.~L. and {Pinsonneault}, M. and 
	{Shetrone}, M. and {Smee}, S. and {Smith}, V.~V. and {Stolberg}, T. and 
	{Skrutskie}, M.~F. and {Walker}, E. and {Wilson}, J.~C. and 
	{Zasowski}, G. and {Anders}, F. and {Basu}, S. and {Beland}, S. and 
	{Blanton}, M.~R. and {Bovy}, J. and {Brownstein}, J.~R. and 
	{Carlberg}, J. and {Chaplin}, W. and {Chiappini}, C. and {Eisenstein}, D.~J. and 
	{Elsworth}, Y. and {Feuillet}, D. and {Fleming}, S.~W. and {Galbraith-Frew}, J. and 
	{Garcia}, R.~A. and {Anibal Garcia-Hernandez}, D. and {Gillespie}, B.~A. and 
	{Girardi}, L. and {Gunn}, J.~E. and {Hasselquist}, S. and {Hayden}, M.~R. and 
	{Hekker}, S. and {Ivans}, I. and {Kinemuchi}, K. and {Klaene}, M. and 
	{Mahadevan}, S. and {Mathur}, S. and {Mosser}, B. and {Muna}, D. and 
	{Munn}, J.~A. and {Nichol}, R.~C. and {O'Connell}, R.~W. and 
	{Robin}, A.~C. and {Rocha-Pinto}, H. and {Schultheis}, M. and 
	{Serenelli}, A.~M. and {Shane}, N. and {Silva Aguirre}, V. and 
	{Sobeck}, J.~S. and {Thompson}, B. and {Troup}, N.~W. and {Weinberg}, D.~H. and 
	{Zamora}, O.},
    title = "{The Apache Point Observatory Galactic Evolution Experiment (APOGEE)}",
  journal = {ArXiv e-prints},
archivePrefix = "arXiv",
   eprint = {1509.05420},
 primaryClass = "astro-ph.IM",
 keywords = {Astrophysics - Instrumentation and Methods for Astrophysics, Astrophysics - Astrophysics of Galaxies},
     year = 2015,
    month = sep,
   adsurl = {http://adsabs.harvard.edu/abs/2015arXiv150905420M},
  adsnote = {Provided by the SAO/NASA Astrophysics Data System}
}

@ARTICLE{desilva2015,
   author = {{De Silva}, G.~M. and {Freeman}, K.~C. and {Bland-Hawthorn}, J. and 
	{Martell}, S. and {de Boer}, E.~W. and {Asplund}, M. and {Keller}, S. and 
	{Sharma}, S. and {Zucker}, D.~B. and {Zwitter}, T. and {Anguiano}, B. and 
	{Bacigalupo}, C. and {Bayliss}, D. and {Beavis}, M.~A. and {Bergemann}, M. and 
	{Campbell}, S. and {Cannon}, R. and {Carollo}, D. and {Casagrande}, L. and 
	{Casey}, A.~R. and {Da Costa}, G. and {D'Orazi}, V. and {Dotter}, A. and 
	{Duong}, L. and {Heger}, A. and {Ireland}, M.~J. and {Kafle}, P.~R. and 
	{Kos}, J. and {Lattanzio}, J. and {Lewis}, G.~F. and {Lin}, J. and 
	{Lind}, K. and {Munari}, U. and {Nataf}, D.~M. and {O'Toole}, S. and 
	{Parker}, Q. and {Reid}, W. and {Schlesinger}, K.~J. and {Sheinis}, A. and 
	{Simpson}, J.~D. and {Stello}, D. and {Ting}, Y.-S. and {Traven}, G. and 
	{Watson}, F. and {Wittenmyer}, R. and {Yong}, D. and {{\v Z}erjal}, M.
	},
    title = "{The GALAH survey: scientific motivation}",
  journal = {\mnras},
archivePrefix = "arXiv",
   eprint = {1502.04767},
 keywords = {Galaxy: stellar content},
     year = 2015,
    month = may,
   volume = 449,
    pages = {2604-2617},
      doi = {10.1093/mnras/stv327},
   adsurl = {http://adsabs.harvard.edu/abs/2015MNRAS.449.2604D},
  adsnote = {Provided by the SAO/NASA Astrophysics Data System}
}

@ARTICLE{P1984,
   author = {{Pfenniger}, D.},
    title = "{The 3D dynamics of barred galaxies}",
  journal = {\aap},
 keywords = {Astronomical Models, Barred Galaxies, Celestial Mechanics, Dynamic Stability, Orbit Perturbation, Axes Of Rotation, Ergodic Process, Hamiltonian Functions, Many Body Problem, Three Dimensional Models},
     year = 1984,
    month = may,
   volume = 134,
    pages = {373-386},
   adsurl = {http://adsabs.harvard.edu/abs/1984A%26A...134..373P},
  adsnote = {Provided by the SAO/NASA Astrophysics Data System}
}



@ARTICLE{York2000,
   author = {{York}, D.~G. and {Adelman}, J. and {Anderson}, Jr., J.~E. and 
	{Anderson}, S.~F. and {Annis}, J. and {Bahcall}, N.~A. and {Bakken}, J.~A. and 
	{Barkhouser}, R. and {Bastian}, S. and {Berman}, E. and {Boroski}, W.~N. and 
	{Bracker}, S. and {Briegel}, C. and {Briggs}, J.~W. and {Brinkmann}, J. and 
	{Brunner}, R. and {Burles}, S. and {Carey}, L. and {Carr}, M.~A. and 
	{Castander}, F.~J. and {Chen}, B. and {Colestock}, P.~L. and 
	{Connolly}, A.~J. and {Crocker}, J.~H. and {Csabai}, I. and 
	{Czarapata}, P.~C. and {Davis}, J.~E. and {Doi}, M. and {Dombeck}, T. and 
	{Eisenstein}, D. and {Ellman}, N. and {Elms}, B.~R. and {Evans}, M.~L. and 
	{Fan}, X. and {Federwitz}, G.~R. and {Fiscelli}, L. and {Friedman}, S. and 
	{Frieman}, J.~A. and {Fukugita}, M. and {Gillespie}, B. and 
	{Gunn}, J.~E. and {Gurbani}, V.~K. and {de Haas}, E. and {Haldeman}, M. and 
	{Harris}, F.~H. and {Hayes}, J. and {Heckman}, T.~M. and {Hennessy}, G.~S. and 
	{Hindsley}, R.~B. and {Holm}, S. and {Holmgren}, D.~J. and {Huang}, C.-h. and 
	{Hull}, C. and {Husby}, D. and {Ichikawa}, S.-I. and {Ichikawa}, T. and 
	{Ivezi{\'c}}, {\v Z}. and {Kent}, S. and {Kim}, R.~S.~J. and 
	{Kinney}, E. and {Klaene}, M. and {Kleinman}, A.~N. and {Kleinman}, S. and 
	{Knapp}, G.~R. and {Korienek}, J. and {Kron}, R.~G. and {Kunszt}, P.~Z. and 
	{Lamb}, D.~Q. and {Lee}, B. and {Leger}, R.~F. and {Limmongkol}, S. and 
	{Lindenmeyer}, C. and {Long}, D.~C. and {Loomis}, C. and {Loveday}, J. and 
	{Lucinio}, R. and {Lupton}, R.~H. and {MacKinnon}, B. and {Mannery}, E.~J. and 
	{Mantsch}, P.~M. and {Margon}, B. and {McGehee}, P. and {McKay}, T.~A. and 
	{Meiksin}, A. and {Merelli}, A. and {Monet}, D.~G. and {Munn}, J.~A. and 
	{Narayanan}, V.~K. and {Nash}, T. and {Neilsen}, E. and {Neswold}, R. and 
	{Newberg}, H.~J. and {Nichol}, R.~C. and {Nicinski}, T. and 
	{Nonino}, M. and {Okada}, N. and {Okamura}, S. and {Ostriker}, J.~P. and 
	{Owen}, R. and {Pauls}, A.~G. and {Peoples}, J. and {Peterson}, R.~L. and 
	{Petravick}, D. and {Pier}, J.~R. and {Pope}, A. and {Pordes}, R. and 
	{Prosapio}, A. and {Rechenmacher}, R. and {Quinn}, T.~R. and 
	{Richards}, G.~T. and {Richmond}, M.~W. and {Rivetta}, C.~H. and 
	{Rockosi}, C.~M. and {Ruthmansdorfer}, K. and {Sandford}, D. and 
	{Schlegel}, D.~J. and {Schneider}, D.~P. and {Sekiguchi}, M. and 
	{Sergey}, G. and {Shimasaku}, K. and {Siegmund}, W.~A. and {Smee}, S. and 
	{Smith}, J.~A. and {Snedden}, S. and {Stone}, R. and {Stoughton}, C. and 
	{Strauss}, M.~A. and {Stubbs}, C. and {SubbaRao}, M. and {Szalay}, A.~S. and 
	{Szapudi}, I. and {Szokoly}, G.~P. and {Thakar}, A.~R. and {Tremonti}, C. and 
	{Tucker}, D.~L. and {Uomoto}, A. and {Vanden Berk}, D. and {Vogeley}, M.~S. and 
	{Waddell}, P. and {Wang}, S.-i. and {Watanabe}, M. and {Weinberg}, D.~H. and 
	{Yanny}, B. and {Yasuda}, N. and {SDSS Collaboration}},
    title = "{The Sloan Digital Sky Survey: Technical Summary}",
  journal = {\aj},
   eprint = {astro-ph/0006396},
 keywords = {Cosmology: Observations, Instrumentation: Miscellaneous},
     year = 2000,
    month = sep,
   volume = 120,
    pages = {1579-1587},
      doi = {10.1086/301513},
   adsurl = {http://adsabs.harvard.edu/abs/2000AJ....120.1579Y},
  adsnote = {Provided by the SAO/NASA Astrophysics Data System}
}


@ARTICLE{W2010,
   author = {{Wright}, E.~L. and {Eisenhardt}, P.~R.~M. and {Mainzer}, A.~K. and 
	{Ressler}, M.~E. and {Cutri}, R.~M. and {Jarrett}, T. and {Kirkpatrick}, J.~D. and 
	{Padgett}, D. and {McMillan}, R.~S. and {Skrutskie}, M. and 
	{Stanford}, S.~A. and {Cohen}, M. and {Walker}, R.~G. and {Mather}, J.~C. and 
	{Leisawitz}, D. and {Gautier}, III, T.~N. and {McLean}, I. and 
	{Benford}, D. and {Lonsdale}, C.~J. and {Blain}, A. and {Mendez}, B. and 
	{Irace}, W.~R. and {Duval}, V. and {Liu}, F. and {Royer}, D. and 
	{Heinrichsen}, I. and {Howard}, J. and {Shannon}, M. and {Kendall}, M. and 
	{Walsh}, A.~L. and {Larsen}, M. and {Cardon}, J.~G. and {Schick}, S. and 
	{Schwalm}, M. and {Abid}, M. and {Fabinsky}, B. and {Naes}, L. and 
	{Tsai}, C.-W.},
    title = "{The Wide-field Infrared Survey Explorer (WISE): Mission Description and Initial On-orbit Performance}",
  journal = {\aj},
archivePrefix = "arXiv",
   eprint = {1008.0031},
 primaryClass = "astro-ph.IM",
 keywords = {infrared: general, space vehicles, surveys},
     year = 2010,
    month = dec,
   volume = 140,
      eid = {1868},
    pages = {1868-1881},
      doi = {10.1088/0004-6256/140/6/1868},
   adsurl = {http://adsabs.harvard.edu/abs/2010AJ....140.1868W},
  adsnote = {Provided by the SAO/NASA Astrophysics Data System}
}

@ARTICLE{L2014,
   author = {{Laurikainen}, E. and {Salo}, H. and {Athanassoula}, E. and 
	{Bosma}, A. and {Herrera-Endoqui}, M.},
    title = "{Milky Way mass galaxies with X-shaped bulges are not rare in the local Universe}",
  journal = {\mnras},
archivePrefix = "arXiv",
   eprint = {1406.1418},
 keywords = {galaxies: bulges, galaxies: elliptical and lenticular, cD, galaxies: evolution, galaxies: spiral, galaxies: structure},
     year = 2014,
    month = oct,
   volume = 444,
    pages = {L80-L84},
      doi = {10.1093/mnrasl/slu118},
   adsurl = {http://adsabs.harvard.edu/abs/2014MNRAS.444L..80L},
  adsnote = {Provided by the SAO/NASA Astrophysics Data System}
}

@ARTICLE{Dwek1995,
   author = {{Dwek}, E. and {Arendt}, R.~G. and {Hauser}, M.~G. and {Kelsall}, T. and 
	{Lisse}, C.~M. and {Moseley}, S.~H. and {Silverberg}, R.~F. and 
	{Sodroski}, T.~J. and {Weiland}, J.~L.},
    title = "{Morphology, near-infrared luminosity, and mass of the Galactic bulge from COBE DIRBE observations}",
  journal = {\apj},
 keywords = {COSMIC BACKGROUND EXPLORER SATELLITE, GALACTIC BULGE, GALACTIC MASS, IMAGE PROCESSING, LUMINOSITY, MORPHOLOGY, NEAR INFRARED RADIATION, ASTRONOMICAL MODELS, GALACTIC STRUCTURE, MAPPING, STAR DISTRIBUTION, STELLAR EVOLUTION},
     year = 1995,
    month = jun,
   volume = 445,
    pages = {716-730},
      doi = {10.1086/175734},
   adsurl = {http://esoads.eso.org/abs/1995ApJ...445..716D},
  adsnote = {Provided by the SAO/NASA Astrophysics Data System}
}


@ARTICLE{Uttenthaler2012,
   author = {{Uttenthaler}, S. and {Schultheis}, M. and {Nataf}, D.~M. and 
	{Robin}, A.~C. and {Lebzelter}, T. and {Chen}, B.},
    title = "{Constraining the structure and formation of the Galactic bulge from a field in its outskirts. FLAMES-GIRAFFE spectra of about 400 red giants around (l, b) = (0{\deg}, -10{\deg})}",
  journal = {\aap},
archivePrefix = "arXiv",
   eprint = {1206.3469},
 keywords = {Galaxy: bulge, Galaxy: formation, Galaxy: kinematics and dynamics, stars: abundances, stars: late-type},
     year = 2012,
    month = oct,
   volume = 546,
      eid = {A57},
    pages = {A57},
      doi = {10.1051/0004-6361/201219055},
   adsurl = {http://adsabs.harvard.edu/abs/2012A%26A...546A..57U},
  adsnote = {Provided by the SAO/NASA Astrophysics Data System}
}


@ARTICLE{Bureau2006,
   author = {{Bureau}, M. and {Aronica}, G. and {Athanassoula}, E. and {Dettmar}, R.-J. and 
	{Bosma}, A. and {Freeman}, K.~C.},
    title = "{K-band observations of boxy bulges - I. Morphology and surface brightness profiles}",
  journal = {\mnras},
   eprint = {astro-ph/0606056},
 keywords = {galaxies: bulges: galaxies: evolution: galaxies: formation: galaxies: photometry: galaxies: spiral: galaxies: structure, galaxies: bulges, galaxies: evolution, galaxies: formation, galaxies: photometry, galaxies: spiral, galaxies: structure},
     year = 2006,
    month = aug,
   volume = 370,
    pages = {753-772},
      doi = {10.1111/j.1365-2966.2006.10471.x},
   adsurl = {http://adsabs.harvard.edu/abs/2006MNRAS.370..753B},
  adsnote = {Provided by the SAO/NASA Astrophysics Data System}
}

@ARTICLE{Ness2012,
   author = {{Ness}, M. and {Freeman}, K. and {Athanassoula}, E. and {Wylie-De-Boer}, E. and 
	{Bland-Hawthorn}, J. and {Lewis}, G.~F. and {Yong}, D. and {Asplund}, M. and 
	{Lane}, R.~R. and {Kiss}, L.~L. and {Ibata}, R.},
    title = "{The Origin of the Split Red Clump in the Galactic Bulge of the Milky Way}",
  journal = {\apj},
archivePrefix = "arXiv",
   eprint = {1207.0888},
 keywords = {Galaxy: abundances, Galaxy: bulge, Galaxy: kinematics and dynamics, Galaxy: structure, stars: late-type},
     year = 2012,
    month = sep,
   volume = 756,
      eid = {22},
    pages = {22},
      doi = {10.1088/0004-637X/756/1/22},
   adsurl = {http://adsabs.harvard.edu/abs/2012ApJ...756...22N},
  adsnote = {Provided by the SAO/NASA Astrophysics Data System}
}

@ARTICLE{Ness2014,
   author = {{Ness}, M. and {Debattista}, V.~P. and {Bensby}, T. and {Feltzing}, S. and 
	{Ro{\v s}kar}, R. and {Cole}, D.~R. and {Johnson}, J.~A. and 
	{Freeman}, K.},
    title = "{Young Stars in an Old Bulge: A Natural Outcome of Internal Evolution in the Milky Way}",
  journal = {\apjl},
archivePrefix = "arXiv",
   eprint = {1401.0541},
 keywords = {Galaxy: bulge, Galaxy: evolution, Galaxy: formation, Galaxy: stellar content},
     year = 2014,
    month = jun,
   volume = 787,
      eid = {L19},
    pages = {L19},
      doi = {10.1088/2041-8205/787/2/L19},
   adsurl = {http://adsabs.harvard.edu/abs/2014ApJ...787L..19N},
  adsnote = {Provided by the SAO/NASA Astrophysics Data System}
}

@ARTICLE{Athanassoula2005,
   author = {{Athanassoula}, E.},
    title = "{On the nature of bulges in general and of box/peanut bulges in particular: input from N-body simulations}",
  journal = {\mnras},
   eprint = {astro-ph/0502316},
 keywords = {methods: N-body simulations, galaxies: bulges, galaxies: evolution, galaxies: kinematics and dynamics, galaxies: photometry, galaxies: structure},
     year = 2005,
    month = apr,
   volume = 358,
    pages = {1477-1488},
      doi = {10.1111/j.1365-2966.2005.08872.x},
   adsurl = {http://adsabs.harvard.edu/abs/2005MNRAS.358.1477A},
  adsnote = {Provided by the SAO/NASA Astrophysics Data System}
}

@ARTICLE{Lang2014b,
   author = {{Lang}, D. and {Hogg}, D.~W. and {Schlegel}, D.~J.},
    title = "{WISE photometry for 400 million SDSS sources}",
  journal = {ArXiv e-prints},
archivePrefix = "arXiv",
   eprint = {1410.7397},
 primaryClass = "astro-ph.IM",
 keywords = {Astrophysics - Instrumentation and Methods for Astrophysics, Astrophysics - Astrophysics of Galaxies},
     year = 2014,
    month = oct,
   adsurl = {http://adsabs.harvard.edu/abs/2014arXiv1410.7397L},
  adsnote = {Provided by the SAO/NASA Astrophysics Data System}
}

@ARTICLE{Lang2014a,
   author = {{Lang}, D.},
    title = "{unWISE: Unblurred Coadds of the WISE Imaging}",
  journal = {\aj},
archivePrefix = "arXiv",
   eprint = {1405.0308},
 primaryClass = "astro-ph.IM",
 keywords = {methods: data analysis, surveys, techniques: image processing},
     year = 2014,
    month = may,
   volume = 147,
      eid = {108},
    pages = {108},
      doi = {10.1088/0004-6256/147/5/108},
   adsurl = {http://adsabs.harvard.edu/abs/2014AJ....147..108L},
  adsnote = {Provided by the SAO/NASA Astrophysics Data System}
}


@ARTICLE{Debattista2006, 
   author = {{Debattista}, V.~P. and {Mayer}, L. and {Carollo}, C.~M. and 
	{Moore}, B. and {Wadsley}, J. and {Quinn}, T.},
    title = "{The Secular Evolution of Disk Structural Parameters}",
  journal = {\apj},
   eprint = {astro-ph/0509310},
 keywords = {Galaxies: Bulges, Galaxies: Evolution, Galaxies: Formation, Galaxies: Kinematics and Dynamics, Galaxies: Photometry, Galaxies: Spiral},
     year = 2006,
    month = jul,
   volume = 645,
    pages = {209-227},
      doi = {10.1086/504147},
   adsurl = {http://adsabs.harvard.edu/abs/2006ApJ...645..209D},
  adsnote = {Provided by the SAO/NASA Astrophysics Data System}
}

@ARTICLE{P1991,
   author = {{Pfenniger}, D. and {Friedli}, D.},
    title = "{Structure and dynamics of 3D N-body barred galaxies}",
  journal = {\aap},
 keywords = {Barred Galaxies, Galactic Structure, Many Body Problem, Galactic Rotation, Lagrangian Equilibrium Points, Orbital Elements, Orbital Resonances (Celestial Mechanics)},
     year = 1991,
    month = dec,
   volume = 252,
    pages = {75-93},
   adsurl = {http://adsabs.harvard.edu/abs/1991A%26A...252...75P},
  adsnote = {Provided by the SAO/NASA Astrophysics Data System}
}


@ARTICLE{Inma2006,
   author = {{Martinez-Valpuesta}, I. and {Shlosman}, I. and {Heller}, C.
	},
    title = "{Evolution of Stellar Bars in Live Axisymmetric Halos: Recurrent Buckling and Secular Growth}",
  journal = {\apj},
   eprint = {astro-ph/0507219},
 keywords = {Galaxies: Bulges, Galaxies: Evolution, Galaxies: Formation, Galaxies: Halos, Galaxies: Kinematics and Dynamics, Galaxies: Spiral, Stellar Dynamics},
     year = 2006,
    month = jan,
   volume = 637,
    pages = {214-226},
      doi = {10.1086/498338},
   adsurl = {http://adsabs.harvard.edu/abs/2006ApJ...637..214M},
  adsnote = {Provided by the SAO/NASA Astrophysics Data System}
}

@ARTICLE{McWilliam2010,
   author = {{McWilliam}, A. and {Zoccali}, M.},
    title = "{Two Red Clumps and the X-shaped Milky Way Bulge}",
  journal = {\apj},
archivePrefix = "arXiv",
   eprint = {1008.0519},
 keywords = {Galaxy: bulge, Galaxy: structure, stars: distances, stars: late-type},
     year = 2010,
    month = dec,
   volume = 724,
    pages = {1491-1502},
      doi = {10.1088/0004-637X/724/2/1491},
   adsurl = {http://adsabs.harvard.edu/abs/2010ApJ...724.1491M},
  adsnote = {Provided by the SAO/NASA Astrophysics Data System}
}

@ARTICLE{Nataf2010,
   author = {{Nataf}, D.~M. and {Udalski}, A. and {Gould}, A. and {Fouqu{\'e}}, P. and 
	{Stanek}, K.~Z.},
    title = "{The Split Red Clump of the Galactic Bulge from OGLE-III}",
  journal = {\apjl},
archivePrefix = "arXiv",
   eprint = {1007.5065},
 keywords = {Galaxy: bulge, Galaxy: structure, stars: horizontal-branch},
     year = 2010,
    month = sep,
   volume = 721,
    pages = {L28-L32},
      doi = {10.1088/2041-8205/721/1/L28},
   adsurl = {http://adsabs.harvard.edu/abs/2010ApJ...721L..28N},
  adsnote = {Provided by the SAO/NASA Astrophysics Data System}
}

@ARTICLE{Nataf2014,
   author = {{Nataf}, D.~M. and {Cassisi}, S. and {Athanassoula}, E.},
    title = "{On the correlation between metallicity and the X-shaped morphology of the Milky Way bulge}",
  journal = {\mnras},
archivePrefix = "arXiv",
   eprint = {1406.5183},
 primaryClass = "astro-ph.SR",
 keywords = {stars: horizontal branch, Galaxy: bulge, Galaxy: kinematics and dynamics},
     year = 2014,
    month = aug,
   volume = 442,
    pages = {2075-2080},
      doi = {10.1093/mnras/stu805},
   adsurl = {http://adsabs.harvard.edu/abs/2014MNRAS.442.2075N},
  adsnote = {Provided by the SAO/NASA Astrophysics Data System}
}




@ARTICLE{Lee2015,
   author = {{Lee}, Y.-W. and {Joo}, S.-J. and {Chung}, C.},
    title = "{The Milky Way without X: an alternative interpretation of the double red clump in the Galactic bulge}",
  journal = {\mnras},
archivePrefix = "arXiv",
   eprint = {1508.05942},
 keywords = {stars: horizontal branch, Galaxy: bulge, Galaxy: formation, globular clusters: general, Galaxy: structure, galaxies: elliptical and lenticular, cD},
     year = 2015,
    month = nov,
   volume = 453,
    pages = {3906-3911},
      doi = {10.1093/mnras/stv1980},
   adsurl = {http://adsabs.harvard.edu/abs/2015MNRAS.453.3906L},
  adsnote = {Provided by the SAO/NASA Astrophysics Data System}
}


@ARTICLE{Portail2015b,
   author = {{Portail}, M. and {Wegg}, C. and {Gerhard}, O.},
    title = "{Peanuts, brezels and bananas: food for thought on the orbital structure of the Galactic bulge}",
  journal = {\mnras},
archivePrefix = "arXiv",
   eprint = {1503.07203},
 keywords = {Galaxy: bulge, Galaxy: kinematics and dynamics, Galaxy: structure, galaxies: bulges, galaxies: structure},
     year = 2015,
    month = jun,
   volume = 450,
    pages = {L66-L70},
      doi = {10.1093/mnrasl/slv048},
   adsurl = {http://adsabs.harvard.edu/abs/2015MNRAS.450L..66P},
  adsnote = {Provided by the SAO/NASA Astrophysics Data System}
}


@ARTICLE{Portail2015a,
   author = {{Portail}, M. and {Wegg}, C. and {Gerhard}, O. and {Martinez-Valpuesta}, I.
	},
    title = "{Made-to-measure models of the Galactic box/peanut bulge: stellar and total mass in the bulge region}",
  journal = {\mnras},
archivePrefix = "arXiv",
   eprint = {1502.00633},
 keywords = {methods: numerical, Galaxy: bulge, Galaxy: centre, Galaxy: kinematics and dynamics, Galaxy: structure},
     year = 2015,
    month = mar,
   volume = 448,
    pages = {713-731},
      doi = {10.1093/mnras/stv058},
   adsurl = {http://adsabs.harvard.edu/abs/2015MNRAS.448..713P},
  adsnote = {Provided by the SAO/NASA Astrophysics Data System}
}

@ARTICLE{Wegg2015,
   author = {{Wegg}, C. and {Gerhard}, O. and {Portail}, M.},
    title = "{The structure of the Milky Way's bar outside the bulge}",
  journal = {\mnras},
archivePrefix = "arXiv",
   eprint = {1504.01401},
 keywords = {Galaxy: bulge, Galaxy: centre, Galaxy: structure},
     year = 2015,
    month = jul,
   volume = 450,
    pages = {4050-4069},
      doi = {10.1093/mnras/stv745},
   adsurl = {http://adsabs.harvard.edu/abs/2015MNRAS.450.4050W},
  adsnote = {Provided by the SAO/NASA Astrophysics Data System}
}

@ARTICLE{Wegg2013,
   author = {{Wegg}, C. and {Gerhard}, O.},
    title = "{Mapping the three-dimensional density of the Galactic bulge with VVV red clump stars}",
  journal = {\mnras},
archivePrefix = "arXiv",
   eprint = {1308.0593},
 keywords = {Galaxy: bulge, Galaxy: centre, Galaxy: structure},
     year = 2013,
    month = nov,
   volume = 435,
    pages = {1874-1887},
      doi = {10.1093/mnras/stt1376},
   adsurl = {http://adsabs.harvard.edu/abs/2013MNRAS.435.1874W},
  adsnote = {Provided by the SAO/NASA Astrophysics Data System}
}




@ARTICLE{DL2014b,
   author = {{Lang}, D.},
    title = "{unWISE: Unblurred Coadds of the WISE Imaging}",
  journal = {\aj},
archivePrefix = "arXiv",
   eprint = {1405.0308},
 primaryClass = "astro-ph.IM",
 keywords = {methods: data analysis, surveys, techniques: image processing},
     year = 2014,
    month = may,
   volume = 147,
      eid = {108},
    pages = {108},
      doi = {10.1088/0004-6256/147/5/108},
   adsurl = {http://adsabs.harvard.edu/abs/2014AJ....147..108L},
  adsnote = {Provided by the SAO/NASA Astrophysics Data System}
}

@ARTICLE{Gonzalez2015,
   author = {{Gonzalez}, O.~A. and {Zoccali}, M. and {Debattista}, V.~P. and 
	{Alonso-Garc{\'{\i}}a}, J. and {Valenti}, E. and {Minniti}, D.
	},
    title = "{Reinforcing the link between the double red clump and the X-shaped bulge of the Milky Way}",
  journal = {\aap},
archivePrefix = "arXiv",
   eprint = {1510.05943},
 keywords = {Galaxy: bulge, Galaxy: structure},
     year = 2015,
    month = nov,
   volume = 583,
      eid = {L5},
    pages = {L5},
      doi = {10.1051/0004-6361/201527434},
   adsurl = {http://adsabs.harvard.edu/abs/2015A%26A...583L...5G},
  adsnote = {Provided by the SAO/NASA Astrophysics Data System}
}